@article{Demsar2016BalancedMixture,
    title = {{A Balanced Mixture of Antagonistic Pressures Promotes the Evolution of Parallel Movement}},
    year = {2016},
    journal = {Scientific Reports},
    author = {Dem{\v{s}}ar, Jure and {\v{S}}trumbelj, Erik and Lebar Bajec, Iztok},
    volume = {6},
    doi = {10.1038/srep39428}
}
@misc{plansolve,
      title={Plan-and-Solve Prompting: Improving Zero-Shot Chain-of-Thought Reasoning by Large Language Models}, 
      author={Lei Wang and Wanyu Xu and Yihuai Lan and Zhiqiang Hu and Yunshi Lan and Roy Ka-Wei Lee and Ee-Peng Lim},
      year={2023},
      eprint={2305.04091},
      archivePrefix={arXiv},
      primaryClass={cs.CL},
      url={https://arxiv.org/abs/2305.04091}
}
@misc{ToT,
      title={Tree of Thoughts: Deliberate Problem Solving with Large Language Models}, 
      author={Shunyu Yao and Dian Yu and Jeffrey Zhao and Izhak Shafran and Thomas L. Griffiths and Yuan Cao and Karthik Narasimhan},
      year={2023},
      eprint={2305.10601},
      archivePrefix={arXiv},
      primaryClass={cs.CL},
      url={https://arxiv.org/abs/2305.10601}
}
@misc{prompttechniques,
      title={A Prompt Pattern Catalog to Enhance Prompt Engineering with ChatGPT}, 
      author={Jules White and Quchen Fu and Sam Hays and Michael Sandborn and Carlos Olea and Henry Gilbert and Ashraf Elnashar and Jesse Spencer-Smith and Douglas C. Schmidt},
      year={2023},
      eprint={2302.11382},
      archivePrefix={arXiv},
      primaryClass={cs.SE},
      url={https://arxiv.org/abs/2302.11382}
}

@article{Demsar2017LinguisticEvolution,
    title = {{Evolution of Collective Behaviour in an Artificial World Using Linguistic Fuzzy Rule-Based Systems}},
    year = {2017},
    journal = {PLoS ONE},
    author = {Dem{\v{s}}ar, Jure and Lebar Bajec, Iztok},
    number = {1},
    pages = {1--20},
    volume = {12},
    doi = {10.1371/journal.pone.0168876}
}

@article{Rainbow,
    title = {{Rainbow: A Commonsense Reasoning Benchmark}},
    year = {2021},
    journal = {arXiv preprint arXiv:2103.13009},
    author = {Lourie, Nicholas and Le Bras, Ronan and Bhagavatula, Chandra and Choi, Yejin},
    url = {https://arxiv.org/abs/2103.13009}
}
@article{Mistral7B,
    title = {{Mistral 7B}},
    year = {2023},
    journal = {arXiv preprint arXiv:2310.06825},
    author = {Jiang, Albert Q. and Sablayrolles, Alexandre and Mensch, Arthur and Bamford, Chris and Chaplot, Devendra Singh and de las Casas, Diego and Bressand, Florian and Lengyel, Gianna and Lample, Guillaume and Saulnier, Lucile and Lavaud, Lélio Renard and Lachaux, Marie-Anne and Stock, Pierre and Le Scao, Teven and Lavril, Thibaut and Wang, Thomas and Lacroix, Timothée and El Sayed, William},
    url = {https://arxiv.org/abs/2310.06825}
}

@article{CoT,
  author       = {Jason Wei and
                  Xuezhi Wang and
                  Dale Schuurmans and
                  Maarten Bosma and
                  Ed H. Chi and
                  Quoc Le and
                  Denny Zhou},
  title        = {Chain of Thought Prompting Elicits Reasoning in Large Language Models},
  journal      = {CoRR},
  volume       = {abs/2201.11903},
  year         = {2022},
  url          = {https://arxiv.org/abs/2201.11903}
}

@article{Commonsense,
    title = {{Benchmarks for Automated Commonsense Reasoning: A Survey}},
    year = {2023},
    journal = {arXiv preprint arXiv:2302.04752},
    author = {Davis, Ernest},
    url = {https://arxiv.org/abs/2302.04752}
}
@misc{Few-shot,
      title={Language Models are Few-Shot Learners}, 
      author={Tom B. Brown and Benjamin Mann and Nick Ryder and Melanie Subbiah and Jared Kaplan and Prafulla Dhariwal and Arvind Neelakantan and Pranav Shyam and Girish Sastry and Amanda Askell and Sandhini Agarwal and Ariel Herbert-Voss and Gretchen Krueger and Tom Henighan and Rewon Child and Aditya Ramesh and Daniel M. Ziegler and Jeffrey Wu and Clemens Winter and Christopher Hesse and Mark Chen and Eric Sigler and Mateusz Litwin and Scott Gray and Benjamin Chess and Jack Clark and Christopher Berner and Sam McCandlish and Alec Radford and Ilya Sutskever and Dario Amodei},
      year={2020},
      eprint={2005.14165},
      url={https://arxiv.org/abs/2005.14165}
}
@misc{directional,
      title={Guiding Large Language Models via Directional Stimulus Prompting}, 
      author={Zekun Li and Baolin Peng and Pengcheng He and Michel Galley and Jianfeng Gao and Xifeng Yan},
      year={2023},
      eprint={2302.11520},
      archivePrefix={arXiv},
      primaryClass={cs.CL},
      url={https://arxiv.org/abs/2302.11520}
}
@inproceedings{GSMK8,
    title = "Making Language Models Better Reasoners with Step-Aware Verifier",
    author = "Li, Yifei  and
      Lin, Zeqi  and
      Zhang, Shizhuo  and
      Fu, Qiang  and
      Chen, Bei  and
      Lou, Jian-Guang  and
      Chen, Weizhu",
    editor = "Rogers, Anna  and
      Boyd-Graber, Jordan  and
      Okazaki, Naoaki",
    booktitle = "Proceedings of the 61st Annual Meeting of the Association for Computational Linguistics (Volume 1: Long Papers)",
    month = jul,
    year = "2023",
    address = "Toronto, Canada",
    publisher = "Association for Computational Linguistics",
    url = "https://aclanthology.org/2023.acl-long.291",
    doi = "10.18653/v1/2023.acl-long.291",
    pages = "5315--5333"
}
@inproceedings{Unicorn,
   author = {Nicholas Lourie and Ronan Le Bras and Chandra Bhagavatula and Yejin Choi},
   doi = {10.1609/aaai.v35i15.17590},
   issn = {2159-5399},
   journal = {35th AAAI Conference on Artificial Intelligence, AAAI 2021},
   title = {UNICORN on RAINBOW: A Universal Commonsense Reasoning Model on a New Multitask Benchmark},
   volume = {15},
   year = {2021},
}

@article{alphaNLI,
  title={Abductive Commonsense Reasoning},
  author={Chandra Bhagavatula and Ronan Le Bras and Chaitanya Malaviya and Keisuke Sakaguchi and Ari Holtzman and Hannah Rashkin and Doug Downey and Scott Yih and Yejin Choi},
  journal={ArXiv},
  year={2019},
  volume={abs/1908.05739},
  url={https://api.semanticscholar.org/CorpusID:201058651}
}

@inproceedings{Tian2020,
   author = {Zhixing Tian and Yuanzhe Zhang and Kang Liu and Jun Zhao and Yantao Jia and Zhicheng Sheng},
   doi = {10.18653/v1/2020.emnlp-main.247},
   journal = {EMNLP 2020 - 2020 Conference on Empirical Methods in Natural Language Processing, Proceedings of the Conference},
   title = {Scene restoring for narrative machine reading comprehension},
   year = {2020},
}

@inproceedings{Zellers2020,
   author = {Rowan Zellers and Ari Holtzman and Yonatan Bisk and Ali Farhadi and Yejin Choi},
   doi = {10.18653/v1/p19-1472},
   journal = {ACL 2019 - 57th Annual Meeting of the Association for Computational Linguistics, Proceedings of the Conference},
   title = {Hellaswag: Can a machine really finish your sentence?},
   year = {2020},
}

@inproceedings{Bisk2020,
   author = {Yonatan Bisk and Rowan Zellers and Ronan Le Bras and Jianfeng Gao and Yejin Choi},
   doi = {10.1609/aaai.v34i05.6239},
   issn = {2159-5399},
   journal = {AAAI 2020 - 34th AAAI Conference on Artificial Intelligence},
   title = {PIQA: Reasoning about physical commonsense in natural language},
   year = {2020},
}


@inproceedings{socialIQA,
   author = {Gengyu Wang and Xiaochen Hou and Diyi Yang and Kathleen McKeown and Jing Huang},
   doi = {10.18653/v1/2021.sustainlp-1.10},
   journal = {SustaiNLP 2021 - 2nd Workshop on Simple and Efficient Natural Language Processing, Proceedings of SustaiNLP},
   title = {Semantic Categorization of Social Knowledge for Commonsense Question Answering},
   year = {2021},
}

@inproceedings{WinoGRANDE,
   author = {Keisuke Sakaguchi and Ronan Le Bras and Chandra Bhagavatula and Yejin Choi},
   doi = {10.1609/aaai.v34i05.6399},
   issn = {2159-5399},
   journal = {AAAI 2020 - 34th AAAI Conference on Artificial Intelligence},
   title = {WINOGRANDE: An adversarial winograd schema challenge at scale},
   year = {2020},
}


@article{beaten_winograd,
title = {On our best behaviour},
journal = {Artificial Intelligence},
volume = {212},
pages = {27-35},
year = {2014},
issn = {0004-3702},
doi = {https://doi.org/10.1016/j.artint.2014.03.007},
url = {https://www.sciencedirect.com/science/article/pii/S0004370214000356},
author = {Hector J. Levesque},
keywords = {IJCAI Research Excellence}
}

@inproceedings{levesque2012winograd,
  title={The winograd schema challenge},
  author={Levesque, Hector and Davis, Ernest and Morgenstern, Leora},
  booktitle={Thirteenth international conference on the principles of knowledge representation and reasoning},
  year={2012}
}

@inproceedings{GLUE,
   author = {Alex Wang and Amanpreet Singh and Julian Michael and Felix Hill and Omer Levy and Samuel R. Bowman},
   doi = {10.18653/v1/w18-5446},
   journal = {EMNLP 2018 - 2018 EMNLP Workshop BlackboxNLP: Analyzing and Interpreting Neural Networks for NLP, Proceedings of the 1st Workshop},
   title = {GLUE: A Multi-Task Benchmark and Analysis Platform for Natural Language Understanding},
   year = {2018},
}

@inproceedings{supeglue,
   author = {Alex Wang and Yada Pruksachatkun and Nikita Nangia and Amanpreet Singh and Julian Michael and Felix Hill and Omer Levy and Samuel R. Bowman},
   issn = {10495258},
   journal = {Advances in Neural Information Processing Systems},
   title = {SuperGLUE: A stickier benchmark for general-purpose language understanding systems},
   volume = {32},
   year = {2019},
}

@manual{dspy,
    title = {DSPy Documentation},
    year = {2024},
    url = {https://dspy-docs.vercel.app/}
}

@misc{llama,
    url = {https://llama.meta.com/llama3/}
}